<collection xmlns="http://www.loc.gov/MARC21/slim">
<record>
  <leader>01097nam0a22002651i 450 </leader>
  <controlfield tag="001">IT\ICCU\CNCE\037679</controlfield>
  <controlfield tag="005">20080416000000.0</controlfield>
  <datafield tag="100" ind1=" " ind2=" ">
    <subfield code="a">19981021d1520        0itac0103    ba</subfield>
  </datafield>
  <datafield tag="101" ind1=" " ind2=" ">
    <subfield code="a">LAT</subfield>
  </datafield>
  <datafield tag="102" ind1=" " ind2=" ">
    <subfield code="a">IT</subfield>
  </datafield>
  <datafield tag="200" ind1="1" ind2=" ">
    <subfield code="a">Elegiarum libri IV</subfield>
  </datafield>
  <datafield tag="210" ind1=" " ind2=" ">
    <subfield code="a">Venetiis</subfield>
    <subfield code="c">G. de Fontaneto</subfield>
    <subfield code="d">1520</subfield>
  </datafield>
  <datafield tag="215" ind1=" " ind2=" ">
    <subfield code="a">81 c.</subfield>
    <subfield code="d">4ʻ</subfield>
  </datafield>
  <datafield tag="300" ind1=" " ind2=" ">
    <subfield code="a">ANNULLATA  !!!!  vedi 37682</subfield>
  </datafield>
  <datafield tag="620" ind1=" " ind2=" ">
    <subfield code="a">IT</subfield>
    <subfield code="d">Venezia</subfield>
  </datafield>
  <datafield tag="700" ind1=" " ind2="1">
    <subfield code="a">Propertius,</subfield>
    <subfield code="b">Sextus</subfield>
    <subfield code="3">IT\ICCU\CNCA\002249</subfield>
  </datafield>
  <datafield tag="712" ind1="0" ind2="2">
    <subfield code="a">Guglielmo da Fontaneto</subfield>
    <subfield code="3">IT\ICCU\CNCT\000318</subfield>
    <subfield code="4">650</subfield>
  </datafield>
  <datafield tag="790" ind1=" " ind2="0">
    <subfield code="a">Sextus Propertius</subfield>
    <subfield code="3">IT\ICCU\CNCA\014954</subfield>
    <subfield code="z">Propertius, Sextus</subfield>
  </datafield>
  <datafield tag="790" ind1=" " ind2="1">
    <subfield code="a">Propertius,</subfield>
    <subfield code="b">Sextus Aurelius</subfield>
    <subfield code="3">IT\ICCU\CNCA\023183</subfield>
    <subfield code="z">Propertius, Sextus</subfield>
  </datafield>
  <datafield tag="791" ind1="0" ind2="0">
    <subfield code="a">Fontaneto, Guglielmo da</subfield>
    <subfield code="3">IT\ICCU\CNCT\003159</subfield>
    <subfield code="z">Guglielmo da Fontaneto</subfield>
  </datafield>
  <datafield tag="791" ind1="0" ind2="2">
    <subfield code="a">Guglielmo da Monferrato</subfield>
    <subfield code="3">IT\ICCU\CNCT\003625</subfield>
    <subfield code="z">Guglielmo da Fontaneto</subfield>
  </datafield>
  <datafield tag="791" ind1="0" ind2="2">
    <subfield code="a">Gulielmus de Monteferrato</subfield>
    <subfield code="3">IT\ICCU\CNCT\005083</subfield>
    <subfield code="z">Guglielmo da Fontaneto</subfield>
  </datafield>
  <datafield tag="791" ind1="0" ind2="2">
    <subfield code="a">Guilielmus Fontanetensis</subfield>
    <subfield code="3">IT\ICCU\CNCT\005084</subfield>
    <subfield code="z">Guglielmo da Fontaneto</subfield>
  </datafield>
  <datafield tag="801" ind1=" " ind2="3">
    <subfield code="a">IT</subfield>
    <subfield code="b">ICCU</subfield>
    <subfield code="c">20201114</subfield>
  </datafield>
  <datafield tag="899" ind1=" " ind2=" ">
    <subfield code="a">Biblioteca del Seminario vescovile. Mondov</subfield>
    <subfield code="1">CN0066</subfield>
    <subfield code="2">TO0 56</subfield>
  </datafield>
</record>
</collection>
